<record><leader>00000cas a22000007a 4500</leader><controlfield tag="001">12333855</controlfield><controlfield tag="008">850801d18711880mouwr ne      0    0eng d</controlfield><datafield ind1=" " ind2=" " tag="010"><subfield code="a">sn 85033902 </subfield></datafield><datafield ind1=" " ind2=" " tag="040"><subfield code="a">NPU</subfield><subfield code="b">eng</subfield><subfield code="c">NPU</subfield><subfield code="d">MGN</subfield><subfield code="d">OCLCQ</subfield></datafield><datafield ind1=" " ind2=" " tag="042"><subfield code="a">msc</subfield></datafield><datafield ind1="0" ind2=" " tag="130"><subfield code="a">Farmington new era (Farmington, Mo. : 1871)</subfield></datafield><datafield ind1="1" ind2="0" tag="245"><subfield code="a">Farmington new era.</subfield></datafield><datafield ind1=" " ind2=" " tag="260"><subfield code="a">Farmington, Mo. :</subfield><subfield code="b">J.H. Hanson</subfield></datafield><datafield ind1=" " ind2=" " tag="300"><subfield code="a">v. ;</subfield><subfield code="c">56 cm.</subfield></datafield><datafield ind1=" " ind2=" " tag="310"><subfield code="a">Weekly</subfield></datafield><datafield ind1="1" ind2=" " tag="362"><subfield code="a">Began in 1871; ceased in 1880?</subfield></datafield><datafield ind1=" " ind2=" " tag="500"><subfield code="a">"Has a larger circulation than any paper in the county."</subfield></datafield><datafield ind1=" " ind2=" " tag="500"><subfield code="a">Proprietors: Wash. Hughes, &lt;1873&gt;; Wash. Hughes &amp; Son, &lt;1874&gt;.</subfield></datafield><datafield ind1=" " ind2=" " tag="500"><subfield code="a">Editors: Wash. Hughes, &lt;1873&gt;; E. Virgil Conway, &lt;1874&gt;.</subfield></datafield><datafield ind1=" " ind2=" " tag="588"><subfield code="a">Description based on: Vol. 1, no. 49 (Jul. 17, 1873).</subfield></datafield><datafield ind1=" " ind2=" " tag="752"><subfield code="a">United States</subfield><subfield code="b">Missouri</subfield><subfield code="c">Saint Francois</subfield><subfield code="d">Farmington.</subfield></datafield></record>